@book{James2013,
abstract = {An Introduction to Statisitcal Learning with Applications in R},
author = {James, Gareth and Witten, Daniela and Hastie, Trevor and Tibshirani, Robert},
doi = {10.1007/978-1-4614-7138-7},
isbn = {978-1-4614-7137-0},
pages = {337--342},
title = {{An Introduction to Statistical Learning}},
year = {2013}
}
