@article{backtesting,
       author = "Rob Arnott, Campbell R. Harvey, Harry Markowitz",
       title = "A Backtesting Protocol in the Era of Machine Learning",
       year = "2018" }
@book{genetic,
       author = "GonÂ¸calo Abreua,b, Rui Nevesa,c, Nuno Hortaa",
       title = "Currency exchange prediction using machine learning, genetic algorithms and technical analysis",
       year = "2018" }
@article{architure,
       author = "Duc-Hien Nguyen, Manh-Thanh Le",
       title = "A two-stage architecture for stock price forecasting by combining SOM and fuzzy-SVM",
        journaltitle = {International Journal of Computer Science and Information Security},
       year = "2018" ,
       volume       = 12,
 	 number       = 8,
  }
  
 @BOOK {de_prado,
    author    = "De Prado Lopez",
    title     = "Advances",
    publisher = "Wiley",
    year      = "2018"
}
     
 @article{norway,
  author       = {Jan Ivar Larsen, Helge Langseth},
  title        = {Predicting Stock Prices Using Technical Analysis and Machine Learning},
  date         = 2010,
  publisher    = {Norwegian University of Science and Technology},
  location     = {Norway},
  keywords     = {primary},
}
@article{turkey,
  author       = {Kara Yakup, Boyacioglu Melek, Baykan Omer},
  title        = {Predicting direction of stock price index movement using artificial neural networks and support vector 		machines: The sample of the Istanbul Stock Exchange},
  journaltitle = {Expert Systems with Applications},
  year         = 2010,
  volume       = 38,
  number       = 5,
  pages        = {5311-5319},
  langid       = {english},
}
@article{deterministic,
  author       = {Patel, Jigar, Shah, Sahil, Thakkar, Priank, K Kotecha},
  title        = {Predicting stock and stock price index movement using Trend Deterministic Data Preparation and machine learning techniques},
  journaltitle = {Expert Systems with Applications},
  year         = 2014,
  volume       = 42,
  number       = 1,
  pages        = {259-268},
  langid       = {english},
}
@article{vix,
  author       = {kucharczyk, D., Witter, D., Osterrieder, J. , Rudolf, S.},
  title        = {Neural Networks and Arbitrage in the VIX},
  year         = 2018
 }
 @article{borsa,
  author       = {Gunduz H. Yaslan Y. Zehra, C.},
  title        = {Intraday Prediction of Borsa istanbul using Convolutional Neural Networks and Feature Correlations},
  journaltitle = {Knowledge Based Systems},
  year         = 2017,
  volume       = 137,
  number       = 1,
  pages        = {138-148}
}
@collection{gaonkar,
  editor       = {Gaonkar, Dilip Parameshwar},
  title        = {Alternative Modernities},
  date         = 2001,
  publisher    = {Duke University Press},
  location     = {Durham and London},
  isbn         = {0-822-32714-7},
  langid       = {english},
  langidopts   = {variant=american},
  annotation   = {This is a \texttt{collection} entry. Note the format of the
                  \texttt{location} field in the database file as well as the
                  \texttt{isbn} field},
}

@inbook{nietzsche:historie,
  title        = {Unzeitgem{\"a}sse Betrachtungen. Zweites St{\"u}ck},
  date         = 1988,
  author       = {Nietzsche, Friedrich},
  booktitle    = {Die Geburt der Trag{\"o}die. Unzeitgem{\"a}{\ss}e
                  Betrachtungen I--IV. Nachgelassene Schriften 1870--1973},
  bookauthor   = {Nietzsche, Friedrich},
  editor       = {Colli, Giorgio and Montinari, Mazzino},
  subtitle     = {Vom Nutzen und Nachtheil der Historie f{\"u}r das Leben},
  maintitle    = {S{\"a}mtliche Werke},
  mainsubtitle = {Kritische Studienausgabe},
  volume       = 1,
  publisher    = dtv # { and Walter de Gruyter},
  location     = {M{\"u}nchen and Berlin and New York},
  pages        = {243-334},
  langid       = {german},
  sorttitle    = {Werke-01-243},
  indexsorttitle= {Vom Nutzen und Nachtheil der Historie fur das Leben},
  indextitle   = {Vom Nutzen und Nachtheil der Historie f{\"u}r das Leben},
  shorttitle   = {Vom Nutzen und Nachtheil der Historie},
  annotation   = {A single essay from the critical edition of Nietzsche's works.
                  This \texttt{inbook} entry explicitly refers to an essay found
                  in the first volume. Note the \texttt{title},
                  \texttt{booktitle}, and \texttt{maintitle} fields. Also note
                  the \texttt{sorttitle} field. We want
                  this entry to be listed after the entry referring to the
                  entire first volume},
}
@online{history,
  author       = {Stanford},
  title        = {History of Neural Networks},
  date         = {2005-10-16},
  url          = {https://cs.stanford.edu/people/eroberts/courses/soco/projects/neural-networks/History/history1.html introduced},
  urldate      = {2006-10-01},
  langid       = {english},
}

@online{frankrose,
  author       = {Stanford},
  title        = {History of the Percceptron},
  date         = {2005-10-16},
  url          = {http://csis.pace.edu/~ctappert/srd2011/rosenblatt-contributions.htm},
  urldate      = {2006-10-01},
  langid       = {english},
}

The perceptron: A probabilistic model for information storage and organization in the brain, 
, 65(3): 386-408, 1958 


@article{perceptron,
  author       = {Rosenblatt. Frank},
  title        = {The Perceptron: A probabilistic model for information storage and organization in the brain},
  journaltitle = {Psychological Review},
  year         = 1958,
  volume       = 65,
  number       = 3,
  pages        = {386-408}
}

@thesis{loh,
  author       = {Loh, Nin C.},
  title        = {High-Resolution Micromachined Interferometric Accelerometer},
  type         = {mathesis},
  institution  = {Massachusetts Institute of Technology},
  date         = 1992,
  location     = {Cambridge, Mass.},
  langid       = {english},
  langidopts   = {variant=american},
  annotation   = {This is a typical \texttt{thesis} entry for an MA thesis. Note
                  the \texttt{type} field in the database file which uses a
                  localization key},
}
