@misc{supercomp,
  author = {Lütkebohle, Ingo},
  title = {{15 Supercomputers Less Powerful Than Your Phone}},
  howpublished = "\url{https://www.theclever.com/15-huge-supercomputers-that-were-less-powerful-than-your-smartphone/}",
  year = {2015}, 
  note = "[Online; accessed 02-April-2019]"
}


@misc{hedgefundRets,
  author = {Kaissar, Nir},
  title = {{Hedge Funds have a Performance Problem}},
  howpublished = "\url{https://www.bloomberg.com/opinion/articles/2016-03-24/hedge-funds-have-a-performance-problem}",
  year = {2016}, 
  note = "[Online; accessed 04-April-2019]"
}

@misc{leeSedol,
  author = {Silver, David},
  title = {{The story of AlphaGo so far}},
  howpublished = "\url{https://deepmind.com/research/alphago/}",
  year = {2016}, 
  note = "[Online; accessed 14-April-2019]"
}


@misc{bestdays,
  author = {Batwick, Michael},
  title = {{How missing out on 25 days in the stock market over 45 years costs you dearly}},
  howpublished = "\url{https://www.marketwatch.com/story/how-missing-out-on-25-days-in-the-stock-market-over-45-years-costs-you-dearly-2016-01-25 }",
  year = {2016}, 
  note = "[Online; accessed 31-March-2019]"
}


@misc{medium,
  author = {Yoann, Berno},
  title = {{The Truth Nobody Wants to Tell You About AI for Trading}},
  howpublished = "\url{https://hackernoon.com/https-medium-com-supernova-the-truth-nobody-wants-to-tell-you-about-ai-for-trading-5d29a297ee93}",
  year = {2019}, 
  note = "[Online; accessed 31-March-2019]"
}
@misc{anomalydetection,
  author = {Schölkopf, Bernhard, et al},
  title = {{Sci-Kit Learn: Novelty and Outlier Detection}},
  howpublished = "\url{https://scikit-learn.org/stable/modules/outlier_detection.html}",
  year = {2019}, 
  note = "[Online; accessed 06-April-2019]"
}


@misc{kerneltrick,
  author = {Wilimitis, Derek},
  title = {{The Kernel Trick in Support Vector Classification}},
  howpublished = "\url{https://towardsdatascience.com/the-kernel-trick-c98cdbcaeb3f}",
  year = {2018}, 
  note = "[Online; accessed 07-April-2019]"
}

@misc{fxalpha,
  author = {Sciulli, Emidio},
  title = {{Is There Any Alpha Left in FX}},
  howpublished = "\url{https://www.man.com/maninstitute/is-there-any-alpha-left-in-FX}",
  year = {2015}, 
  note = "[Online; accessed 10-September-2019]"
}


@misc{posskew,
  author = {Greenwood, Mark},
  title = {{In Persuit of Positive Skew}},
  howpublished = "\url{https://www.merian.com/gb/en/institutional/insights/in-pursuit-of-positive-skew/}",
  year = {2017}, 
  note = "[Online; accessed 11-September-2019]"
}


